<?xml version="1.0" encoding="UTF-8"?><record xmlns="http://www.loc.gov/MARC21/slim" xmlns:cinclude="http://apache.org/cocoon/include/1.0" xmlns:zs="http://www.loc.gov/zing/srw/">
  <leader>00447nz  a2200133n  4500</leader>
  <controlfield tag="001">no 99075434 </controlfield>
  <controlfield tag="003">DLC</controlfield>
  <controlfield tag="005">19991019070522.0</controlfield>
  <controlfield tag="008">991018n| acannaabn          |n ana      </controlfield>
  <datafield tag="010" ind1=" " ind2=" ">
    <subfield code="a">no 99075434 </subfield>
  </datafield>
  <datafield tag="035" ind1=" " ind2=" ">
    <subfield code="a">(OCoLC)oca05084563</subfield>
  </datafield>
  <datafield tag="040" ind1=" " ind2=" ">
    <subfield code="a">DLC-ON</subfield>
    <subfield code="b">eng</subfield>
    <subfield code="c">DLC-ON</subfield>
  </datafield>
  <datafield tag="110" ind1="2" ind2=" ">
    <subfield code="a">Gas Turbine Research Establishment (Bangalore, India)</subfield>
  </datafield>
  <datafield tag="670" ind1=" " ind2=" ">
    <subfield code="a">Air breathing engines and aerospace propulsion ... 1998:</subfield>
    <subfield code="b">cover (Gas Turbine Research Establishment; Bangalore)</subfield>
  </datafield>
</record>